@article{abhang2016technological,
  title={Technological basics of EEG recording and operation of apparatus},
  author={Abhang, Priyanka A and Gawali, Bharti W and Mehrotra, Suresh C},
  journal={Introduction to EEG-and Speech-Based Emotion Recognition},
  pages={19--50},
  year={2016},
  publisher={Academic Press Cambridge, MA, USA},
  doi={10.1016/B978-0-12-804490-2.00002-6}
}

@article{agargun2007nightmares,
  title={Nightmares, suicide attempts, and melancholic features in patients with unipolar major depression},
  author={Agargun, Mehmet Yucel and Besiroglu, Lutfullah and Cilli, Ali Savas and Gulec, Mustafa and Aydin, Adem and Inci, Rifat and Selvi, Yavuz},
  journal={Journal of affective disorders},
  volume={98},
  number={3},
  pages={267--270},
  year={2007},
  publisher={Elsevier},
  doi={10.1016/j.jad.2006.08.005}
}

@article{appel2017investigating,
  title={Investigating consciousness in the sleep laboratory--an interdisciplinary perspective on lucid dreaming},
  author={Appel, Kristoffer and Pipa, Gordon and Dresler, Martin},
  journal={Interdisciplinary Science Reviews},
  volume={43},
  number={2},
  pages={192--207},
  year={2017},
  publisher={Taylor \& Francis},
  doi={10.1080/03080188.2017.1380468}
}

@online{appel2022sd,
    author = {Appel, Kristoffer},
    title = {Current projects},
    year = {2022},
    url  = {https://sd20.org/projects},
    urldate = {2023-01-04},
    keywords = {sleep, dream, project, sweyepe}
}

@misc{appel2022polysomnography,
    author = {Appel, Kristoffer},
    title = {From Polysomnography to dream engineering: Sleep and 
	dream technologies of the past, presence and future},
    year = {2022},
    month = {11}
}

@article{arzi2014olfactory,
  title={Olfactory aversive conditioning during sleep reduces cigarette-smoking behavior},
  author={Arzi, Anat and Holtzman, Yael and Samnon, Perry and Eshel, Neetai and Harel, Edo and Sobel, Noam},
  journal={Journal of Neuroscience},
  volume={34},
  number={46},
  pages={15382--15393},
  year={2014},
  publisher={Soc Neuroscience},
  doi={10.1523/JNEUROSCI.2291-14.2014}
}

@article{aserinsky1953regularly,
  title={Regularly occurring periods of eye motility, and concomitant phenomena, during sleep},
  author={Aserinsky, Eugene and Kleitman, Nathaniel},
  journal={Science},
  volume={118},
  number={3062},
  pages={273--274},
  year={1953},
  publisher={American Association for the Advancement of Science},
  doi={10.1126/science.118.3062.273}
}

@article{baird2019cognitive,
  title={The cognitive neuroscience of lucid dreaming},
  author={Baird, Benjamin and Mota-Rolim, Sergio A and Dresler, Martin},
  journal={Neuroscience \& Biobehavioral Reviews},
  volume={100},
  pages={305--323},
  year={2019},
  publisher={Elsevier},
  doi={10.1016/j.neubiorev.2019.03.008}
}

@article{chase1990flatonia,
  title={The flatonia and myoclonia of active sleep and EEG in the rat},
  author={Chase, MH and Morales, FR},
  journal={Annu Rev Psychol},
  volume={41},
  pages={557--584},
  year={1990},
  doi={10.1146/annurev.ps.41.020190.003013}
}

@article{dane1984comparison,
  title={A comparison of waking instructions and posthypnotic suggestion for lucid dream induction.},
  author={Dane, Joseph Redhead and van de Castle, Robert L},
  year={1984},
  journal={Lucidity Letter Back Issues},
  volume={3},
  number={4},
  pages={108},
  publisher={University of Virginia Medical School},
  url={https://journals.macewan.ca/lucidity/article/download/636/550/1954}
}

@article{darling1993pattern,
  title={The pattern of self-reflectiveness in dream reports.},
  author={Darling, Mary and Hoffmann, Robert and Moffitt, Alan and Purcell, Sheila},
  journal={Dreaming},
  volume={3},
  number={1},
  pages={9--19},
  year={1993},
  publisher={Human Sciences Press, Inc.},
  doi={10.1037/h0094368}
}

@article{dement1958relation,
  title={The relation of eye movements, body motility, and external stimuli to dream content.},
  author={Dement, William and Wolpert, Edward A},
  journal={Journal of experimental psychology},
  volume={55},
  number={6},
  pages={543--553},
  year={1958},
  publisher={American Psychological Association},
  doi={10.1037/h0040031}
}

@article{erlacher2014time,
  title={Time for actions in lucid dreams: effects of task modality, length, and complexity},
  author={Erlacher, Daniel and Sch{\"a}dlich, Melanie and Stumbrys, Tadas and Schredl, Michael},
  journal={Frontiers in psychology},
  volume={4},
  pages={1013},
  year={2014},
  publisher={Frontiers Media SA}
}

@article{erlacher2020wake,
  title={Wake up, work on dreams, back to bed and lucid dream: A sleep laboratory study},
  author={Erlacher, Daniel and Stumbrys, Tadas},
  journal={Frontiers in psychology},
  volume={11},
  pages={1383},
  year={2020},
  publisher={Frontiers Media SA},
  doi={10.3389/fpsyg.2020.01383}
}

@phdthesis{hearne1978lucid,
  title={Lucid dreams: an elecro-physiological and psychological study},
  author={Hearne, Keith Melvyn Trevor},
  year={1978},
  school={Liverpool University},
  url={https://ethos.bl.uk/OrderDetails.do?uin=uk.bl.ethos.458729}
}

@article{hearne1983lucid,
  title={Lucid dream induction.},
  author={Hearne, Keith M},
  journal={Journal of Mental Imagery},
  volume={7},
  number={1},
  pages={19--23},
  year={1983},
  publisher={Brandon House},
  url={https://psycnet.apa.org/record/1984-14410-001}
}

@article{hobson2000dreaming,
  title={Dreaming and the brain: toward a cognitive neuroscience of conscious states},
  author={Hobson, J Allan and Pace-Schott, Edward F and Stickgold, Robert},
  journal={Behavioral and brain sciences},
  volume={23},
  number={6},
  pages={793--1121},
  year={2000},
  publisher={Cambridge University Press},
  doi={10.1017/CBO9780511615511.003}
}

@article{hobson1998neuropsychology,
  title={The neuropsychology of REM sleep dreaming},
  author={Hobson, J Allan and Stickgold, Robert and Pace-Schott, Edward F},
  journal={Neuroreport},
  volume={9},
  number={3},
  pages={R1--R14},
  year={1998},
  publisher={LWW},
  doi={10.1097/00001756- 199802160-00033}
}

@article{kingma2014adam,
  title={Adam: A method for stochastic optimization},
  author={Kingma, Diederik P and Ba, Jimmy},
  journal={arXiv preprint},
  year={2014},
  url={https://arxiv.org/abs/1412.6980}
}

@article{konkoly2021real,
  title={Real-time dialogue between experimenters and dreamers during REM sleep},
  author={Konkoly, Karen R and Appel, Kristoffer and Chabani, Emma and Mangiaruga, Anastasia and Gott, Jarrod and Mallett, Remington and Caughran, Bruce and Witkowski, Sarah and Whitmore, Nathan W and Mazurek, Christopher Y and Berent, J B and Weber, F D and TÃ¼rker, B and Leu-Semenescu, S and Maranci, J-B and Pipa, Gordon and Arnulf, I and Oudiette, D and Dresler, M and Paller, K A},
  journal={Current Biology},
  volume={31},
  number={7},
  pages={1417--1427},
  year={2021},
  publisher={Elsevier},
  doi={10.1016/j.cub.2021.01.026}
}

@article{la1981lucid,
  title={Lucid dreaming verified by volitional communication during REM sleep},
  author={LaBerge, Stephen P and Nagel, Lynn E and Dement, William C and Zarcone Jr, Vincent P},
  journal={Perceptual and motor skills},
  volume={52},
  number={3},
  pages={727--732},
  year={1981},
  publisher={SAGE Publications Sage CA: Los Angeles, CA},
  doi={10.2466/pms.1981.52.3.727}
}

@book{laberge1985lucid,
  title={Lucid dreaming: The power of being awake and aware in your dreams.},
  author={LaBerge, S},
  year={1985},
  publisher={Los Angeles: Jeremy P. Tarcher, Inc.},
  url={https://archives.lib.purdue.edu/repositories/2/archival_objects/26366}
}

@article{nielsen1993changes,
  title={Changes in the kinesthetic content of dreams following somatosensory stimulation of leg muscles during REM sleep.},
  author={Nielsen, T},
  journal={Dreaming},
  volume={3},
  number={2},
  pages={99--113},
  year={1993},
  publisher={Human Sciences Press, Inc.},
  doi={10.1037/h0094374}
}

@article{nielsen2012dream,
  title={Dream incubation: Ancient techniques of dream influence},
  author={Nielsen, T},
  journal={www.dreamscience.ca},
  year={2012}
}

@article{okabe2018favorite,
  title={Favorite odor induces negative dream emotion during rapid eye movement sleep},
  author={Okabe, Satomi and Fukuda, Kazuhiko and Mochizuki-Kawai, Hiroko and Yamada, Kazuo},
  journal={Sleep Medicine},
  volume={47},
  pages={72--76},
  year={2018},
  publisher={Elsevier},
  doi={10.1016/j.sleep.2018.03.026}
}

@article{pagel2003non,
  title={Non-dreamers},
  author={Pagel, James F},
  journal={Sleep Medicine},
  volume={4},
  number={3},
  pages={235--241},
  year={2003},
  publisher={Elsevier},
  doi={10.1016/s1389-9457(02)00255-1}
}

@article{sandman2017nightmares,
  title={Nightmares as predictors of suicide: an extension study including war veterans},
  author={Sandman, Nils and Valli, Katja and Kronholm, Erkki and Vartiainen, Erkki and Laatikainen, Tiina and Paunio, Tiina},
  journal={Scientific reports},
  volume={7},
  number={44756},
  year={2017},
  publisher={Nature Publishing Group},
  doi={10.1038/srep44756}
}

@article{saunders2016lucid,
  title={Lucid dreaming incidence: A quality effects meta-analysis of 50 years of research},
  author={Saunders, David T and Roe, Chris A and Smith, Graham and Clegg, Helen},
  journal={Consciousness and cognition},
  volume={43},
  pages={197--215},
  year={2016},
  publisher={Elsevier}
}

@article{schredl2009nightmare,
  title={Nightmare frequency in patients with primary insomnia},
  author={Schredl, Michael},
  journal={International Journal of Dream Research},
  volume={2},
  number={2},
  pages={85--88},
  year={2009},
  publisher={Universit{\"a}tsbibliothek der Universit{\"a}t Heidelberg},
  doi={10.11588/ijodr.2009.2.452}
}

@article{sjostrom2009persistent,
  title={Persistent nightmares are associated with repeat suicide attempt: a prospective study},
  author={Sj{\"o}str{\"o}m, Nils and Hetta, Jerker and Waern, Margda},
  journal={Psychiatry research},
  volume={170},
  number={2-3},
  pages={208--211},
  year={2009},
  publisher={Elsevier},
  doi={10.1016/j.psychres.2008.09.006}
}

@article{stumbrys2012lucid,
  title={Lucid dreaming during NREM sleep: Two case reports},
  author={Stumbrys, Tadas and Erlacher, Daniel},
  journal={International Journal of Dream Research},
  volume={5},
  number={2},
  pages={151--155},
  year={2012},
  publisher={Universit{\"a}tsbibliothek Heidelberg},
  doi={10.11588/ijodr.2012.2.9483}
}

@article{stumbrys2012induction,
  title={Induction of lucid dreams: A systematic review of evidence},
  author={Stumbrys, Tadas and Erlacher, Daniel and Sch{\"a}dlich, Melanie and Schredl, Michael},
  journal={Consciousness and cognition},
  volume={21},
  number={3},
  pages={1456--1475},
  year={2012},
  publisher={Elsevier}
}

@article{turker2022behavioral,
  title={Behavioral and brain responses to verbal stimuli reveal transient periods of cognitive integration of external world in all sleep stages},
  author={Turker, Basak and Musat, Esteban Munoz and Chabani, Emma and Fonteix-Galet, Alexandrine and Maranci, Jean-Baptiste and Wattiez, Nicolas and Pouget, Pierre and Sitt, Jacobo Diego and Naccache, Lionel and Arnulf, Isabelle and Oudiette, D},
  journal={bioRxiv},
  year={2022},
  publisher={Cold Spring Harbor Laboratory},
  doi={10.1101/2022.05.04.490484}
}

@inproceedings{van1913study,
  title={A study of dreams},
  author={Van Eeden, Frederik},
  booktitle={Proceedings of the society for psychical research},
  volume={26},
  year={1913},
  doi={www.dreamscience.ca}
}